@misc{driven-data,
    title={Harnessing the Power of the Crowd to Increase Capacity for Data Science in the Social Sector},
    author={Peter Bull and Isaac Slavitt and Greg Lipstein},
    year={2016},
    eprint={1606.07781},
    archivePrefix={arXiv},
    primaryClass={cs.HC}
}

@article{scikit-learn,
 title={Scikit-learn: Machine Learning in {P}ython},
 author={Pedregosa, F. and Varoquaux, G. and Gramfort, A. and Michel, V.
         and Thirion, B. and Grisel, O. and Blondel, M. and Prettenhofer, P.
         and Weiss, R. and Dubourg, V. and Vanderplas, J. and Passos, A. and
         Cournapeau, D. and Brucher, M. and Perrot, M. and Duchesnay, E.},
 journal={Journal of Machine Learning Research},
 volume={12},
 pages={2825--2830},
 year={2011}
}

@inproceedings{pandas,
  author={Wes McKinney},
  title={Data Structures for Statistical Computing in Python},
  booktitle={Proceedings of the 9th Python in Science Conference},
  pages={51 - 56},
  year={2010},
  editor={St\'efan van der Walt and Jarrod Millman}
}

@book{elements,
  title={The Elements of Statistical Learning: Data Mining, Inference, and Prediction},
  author={Hastie, Trevor and Tibshirani, Robert and Friedman, Jerome},
  year={2009},
  publisher={Springer Science \& Business Media},
  chapter={Model Inference and Averagin} 
}