@misc{driven-data,
    title={Harnessing the Power of the Crowd to Increase Capacity for Data Science in the Social Sector},
    author={Peter Bull and Isaac Slavitt and Greg Lipstein},
    year={2016},
    eprint={1606.07781},
    archivePrefix={arXiv},
    primaryClass={cs.HC}
}

@Article{tidyverse,
  title={Welcome to the {tidyverse}},
  author={Hadley Wickham and Mara Averick and Jennifer Bryan and Winston Chang and Lucy D'Agostino McGowan and Romain François and Garrett Grolemund and Alex Hayes and Lionel Henry and Jim Hester and Max Kuhn and Thomas Lin Pedersen and Evan Miller and Stephan Milton Bache and Kirill Müller and Jeroen Ooms and David Robinson and Dana Paige Seidel and Vitalie Spinu and Kohske Takahashi and Davis Vaughan and Claus Wilke and Kara Woo and Hiroaki Yutani},
  year={2019},
  journal={Journal of Open Source Software},
  volume={4},
  number={43},
  pages={1686},
  doi={10.21105/joss.01686},
}

@Manual{tidymodels,
    title={Tidymodels: a collection of packages for modeling and
      machine learning using tidyverse principles.},
    author={Max Kuhn and Hadley Wickham},
    url={https://www.tidymodels.org},
    year={2020},
  }

@book{elements,
  title={The Elements of Statistical Learning: Data Mining, Inference, and Prediction},
  author={Hastie, Trevor and Tibshirani, Robert and Friedman, Jerome},
  year={2009},
  publisher={Springer Science \& Business Media},
  chapter={Model Inference and Averagin} 
}